
@article{scholes2011lessons,
  title={Placing Grid-Forming Converters to Enhance Small Signal Stability of PLL-Integrated Power Systems},
  author={Yang, Chaoran and Huang, Linbin and Xin, Huanhai and Ju, Ping},
  journal={IEEE Transactions on Power Systems},
  volume={36},
  number={4},
  pages={3563-3573},
  year={2011},
  publisher={Nature Publishing Group},
  note={\doi{10.1109/TPWRS.2020.3042741}}
}

@article{GenericWECC,
  title={Generic Dynamic Models for Modeling Wind Power Plants and Other Renewable Technologies in Large-Scale Power System Studies},
  author={Pourbeik, Pouyan and Sanchez-Gasca, Juan J. and Senthil, Jayapalan and Weber, James D. and Zadehkhost, Pouya Sajjad and Kazachkov, Yuriy and Tacke, Spencer and Wen, Jun and Ellis, Abraham},
  journal={IEEE Transactions on Energy Conversion},
  volume={32},
  number={3},
  pages={1108-1116},
  year={2017},
  %note={\doi{10.1109/TEC.2016.2639050}}
}

@article{EMT1,
  title={Digital Computer Solution of Electromagnetic Transients in Single-and Multiphase Networks},
  author={Dommel, Hermann W.},
  journal={IEEE Transactions on Energy Conversion},
  volume={PAS-88},
  number={4},
  pages={388-399},
  year={1969},
  note={\doi{10.1109/TPAS.1969.292459}}
}

@article{EMT2,
  title={Nonlinear and Time-Varying Elements in Digital Simulation of Electromagnetic Transients},
  author={Dommel, Hermann W.},
  journal={IEEE Transactions on Power Apparatus and Systems},
  volume={PAS-90},
  number={6},
  pages={2561-2567},
  year={1971},
  note={\doi{10.1109/TPAS.1971.292905}}
}

@article{PSCAD,
  title={General Introduction to Electromagnetic Transient Simulations - Mathematical Background and Common Applications},
  journal={PSCAD Webinar},
  pages={30},
  year={2020},
  %note={\doi{https://www.pscad.com/knowledge-base/article/678}}
}
@article{AVG, 
author={Amran, Y. and Huliehel, F. and Ben-Yaakov, S.}, 
journal={IEEE Transactions on Power Electronics},   
title={A unified SPICE compatible average model of PWM converters},
year={1991}, 
volume={6},
number={4},
pages={585-594},
note={\doi{10.1109/63.97756}}
}


@article{ImprovedAvg,
  author={Xu, Yin and Chen, Ying and Chen, Laijun and Mei, Shengwei},
  journal={IEEE Transactions on Power Delivery}, 
  title={Integrating an Improved Averaged Model for PWM Converters Into EMTP}, 
  year={2014},
  volume={29},
  number={1},
  pages={291-293},
  note={\doi{10.1109/TPWRD.2013.2248958}}
}

@article{DP,
   author={Rupasinghe, Janesh and Filizadeh, Shaahin and Wang, Liwei},
  journal={IEEE Journal of Emerging and Selected Topics in Power Electronics}, 
  title={A Dynamic Phasor Model of an MMC With Extended Frequency Range for EMT Simulations}, 
  year={2019},
  volume={7},
  number={1},
  pages={30-40},
  %note={\doi{10.1109/JESTPE.2018.2886698}}
}

@phdthesis{DP2,
   author  = {Yang, Tao},
  title   = { Development of dynamic phasors for
the modelling of aircraft electrical power systems},
  school  = {The University of Nottingham},
  year    = {2013}
}

@inproceedings{ParamTune,
   author  = {Qorai, Taoufik and Gruson, Fran{\c c}ois and Colas, Fr{\'e}d{\'e}ric and Guillaud, Xavier and Debry, M.-S. and Prevost, T.},
  title   = {Tuning of Cascaded Controllers for Robust Grid-Forming Voltage Source Converter},
  school  = {The University of Nottingham},
  year    = {2018},
  pages={8},
  publisher={IEEE},
  booktitle={2018 Power Systems Computation Conference (PSCC)}
}

@article{hr,
  title={Llight harvesting},
  author={Harnefors, Lennart and Bongiorno, Massimo and Lundberg, Stefan},
  journal={IEEE Transactions on Industrial Electronics},
  volume={3},
  number={10},
  pages={763},
  year={2011},
  publisher={Nature Publishing Group},
  note={\doi{10.1038/nchem.1145}}
}

@article{Bwen,
  title={Analysis of D-Q Small-Signal Impedance of Grid-Tied Inverters},
  author={Wen, Bo and Boroyevich, Dushan and Burgos, Rolando and Mattavelli, Paolo and Shen, Zhiyu},
  journal={IEEE Transactions on Power Electronics},
  volume={31},
  number={1},
  pages={675-687},
  year={2016},
  note={\doi{10.1109/TPEL.2015.2398192}}
}

@article{Saeedifard,
  title={Grid Supporting Controllers for Enabling 100\% Penetration of Inverter Based Resources},
  author={Saeedifard, Maryam and Meliopoulos, Sakis and Lotfifard, Saeed},
  journal={PSERC Proposal},
  number={S90},
  pages={1},
  year={2019},
}

@book{wannier1987statistical,
  title={Statistical Physics},
  author={Wannier, G.H.},
  isbn={9780486654010},
  lccn={87008909},
  series={Dover Books on Physics},
  url={https://books.google.com/books?id=MDYihVaJgDIC},
  year={1987},
  publisher={Dover Publications}
}

@article{kundur,  
title={A fundamental study of inter-area oscillations in power systems},  
author={Klein, M. and Rogers, G.J. and Kundur, P.},
journal={IEEE Transactions on Power Systems},    year={1991},
volume={6}, 
number={3}, 
pages={914-921},
doi={10.1109/59.119229}}

@inproceedings{invertermodal,
author={Ding, Lizhi and Lu, Xiaonan and Tan, Jin},
booktitle={IECON 2021 – 47th Annual Conference of the IEEE Industrial Electronics Society},
title={Comparative Small-Signal Stability Analysis of Grid-Forming and Grid-Following Inverters in Low-Inertia Power Systems},   year={2021},
volume={},
number={},
pages={1-6},  doi={10.1109/IECON48115.2021.9589651}
}

@article{Uni, 
author={Wang, Xiongfei and Harnefors, Lennart and Blaabjerg, Frede}, 
journal={IEEE Transactions on Power Electronics},  
title={Unified Impedance Model of Grid-Connected Voltage-Source Converters},   year={2018},
volume={33},
number={2}, 
pages={1775-1787},  doi={10.1109/TPEL.2017.2684906}
}

@article{comparison,
author={Tayyebi, Ali and Groß, Dominic and Anta, Adolfo and Kupzog, Friederich and Dörfler, Florian},
journal={IEEE Journal of Emerging and Selected Topics in Power Electronics}, 
title={Frequency Stability of Synchronous Machines and Grid-Forming Power Converters},
volume={8},
number={2},
pages={1004-1018},
doi={10.1109/JESTPE.2020.2966524}
  }
  
  @ARTICLE{8959148,
  author={Tayyebi, Ali and Groß, Dominic and Anta, Adolfo and Kupzog, Friederich and Dörfler, Florian},
  journal={IEEE Journal of Emerging and Selected Topics in Power Electronics}, 
  title={Frequency Stability of Synchronous Machines and Grid-Forming Power Converters}, 
  year={2020},
  volume={8},
  number={2},
  pages={1004-1018},
  doi={10.1109/JESTPE.2020.2966524}}
  
  @article{comparison2,
  author={Rosso, Roberto and Wang, Xiongfei and Liserre, Marco and Lu, Xiaonan and Engelken, Soenke},
  journal={IEEE Open Journal of Industry Applications}, 
  title={Grid-Forming Converters: Control Approaches, Grid-Synchronization, and Future Trends—A Review}, 
  year={2021},
  volume={2},
  number={},
  pages={93-109},
  doi={10.1109/OJIA.2021.3074028}}